@Book {Acheson1990,
  AUTHOR    = {D. J. Acheson},
  TITLE     = {Elementary {F}luid {D}ynamics},
  PUBLISHER = {Oxford University Press},
  ADDRESS   = {Oxford, UK},
  YEAR      = {1990},
}

@Article{Alnaesetal2014,
 author = {Aln{\ae}s, Martin S. and Logg, Anders and Olgaard, Kristian B. and Rognes, Marie E. and Wells, Garth N.},
 title = {Unified Form Language: A Domain-specific Language for Weak Formulations of Partial Differential Equations},
 journal = {ACM Trans. Math. Softw.},
 volume = {40},
 number = {2},
 year = {2014},
 pages = {9:1--9:37},
}

@TechReport{Balayetal2020,
  Author = {S. Balay and S. Abhyankar and M. Adams and J. Brown and P. Brune and K. Buschelman and L. Dalcin and A. Dener and V. Eijkhout and W. Gropp and D. Karpeyev and D. Kaushik and M. Knepley and D. May and L. Curfman McInnes and R. Mills and T. Munson and K. Rupp and P. Sanan and B. Smith and S. Zampini and H. Zhang and H. Zhang},
  Title = {{PETS}c {U}sers {M}anual},
  Number = {ANL-95/11 - Revision 3.13},
  Institution = {Argonne National Laboratory},
  Year = {2020}
}

@Article{BrownSmithAhmadia2013,
  AUTHOR    = {J. Brown and B. Smith and A. Ahmadia},
  TITLE     = {Achieving textbook multigrid efficiency for hydrostatic
               ice sheet flow},
  JOURNAL   = {SIAM J. Sci. Comp.},
  VOLUME    = {35},
  NUMBER    = {2},
  PAGES     = {359--375},
  YEAR      = {2013},
}

@Book{Bueler2021,
  AUTHOR    = {E. Bueler},
  TITLE     = {{PETSc} for {P}artial {D}ifferential {E}quations: {N}umerical {S}olutions in {C} and {P}ython},
  PUBLISHER = {SIAM Press},
  ADDRESS   = {Philadelphia},
  YEAR      = {2021}
}

@Unpublished{Bueler2021conservation,
  author   = {E. Bueler},
  title    = {Conservation laws for free-boundary fluid layers},
  url      = {https://arxiv.org/abs/2007.05625},
  note     = {to appear in SIAM J.~Appl.~Math.},
  year     = {2021},
}

@Unpublished{Bueler2022,
  author   = {E. Bueler},
  title    = {Geometric multigrid for glacier modeling: {N}ew concepts and algorithms},
  note     = {in preparation},
  year     = {2022},
}

@TechReport{Cogleyetal2011,
  Author = {J.G. Cogley and R. Hock and L.A. Rasmussen and A.A. Arendt and A. Bauder and R.J. Braithwaite and P. Jansson and G. Kaser and M. MÃ¶ller and L. Nicholson and M. Zemp},
  Title = {Glossary of Glacier Mass
Balance and Related Terms},
  type = {IHP-VII Technical Documents in Hydrology},
  number = {86},
  institution = {UNESCO-IHP},
  address = {Paris},
  Year = {2011},
}
%note = {IACS Contribution No. 2}

@Book{Elmanetal2014,
  AUTHOR    = {H. C. Elman and D. J. Silvester and A. J. Wathen},
  TITLE     = {Finite {E}lements and {F}ast {I}terative {S}olvers: with
               {A}pplications in {I}ncompressible {F}luid {D}ynamics},
  EDITION   = {2nd},
  PUBLISHER = {Oxford University Press},
  ADDRESS   = {Oxford, UK},
  YEAR      = {2014},
}

@Book{Evans2010,
  AUTHOR    = {L. C. Evans},
  TITLE     = {Partial {D}ifferential {E}quations},
  SERIES    = {Graduate Studies in Mathematics},
  PUBLISHER = {American Mathematical Society},
  ADDRESS   = {Providence},
  EDITION   = {2nd},
  YEAR      = {2010},
}

@Book{FacchineiPang2003,
  author={Facchinei, F. and Pang, J.-S.},
  title={{Finite-Dimensional Variational Inequalities and Complementarity Problems}},
  volume={1},
  year={2003},
  publisher={Springer}
}

@Unpublished{Farrelletal2019,
  title  = {{PCPATCH}: {S}oftware for the topological construction of multigrid relaxation methods},
  author = {Farrell, P. E. and Knepley, M. G. and Mitchell, L. and Wechsung, F.},
  url    = {https://arxiv.org/abs/1912.08516},
  note   = {\href{https://arxiv.org/abs/1912.08516}{\texttt{arxiv.org/abs/1912.08516}}},
  year   = {2019}
}

@Book{FowlerNg2021,
  AUTHOR    = {A. Fowler and F. Ng},
  TITLE     = {{Glaciers and Ice Sheets in the Climate System: The Karthaus Summer School Lecture Notes}},
  PUBLISHER = {Springer},
  YEAR      = {2021},
}

@Book{Gibsonetal2019,
  AUTHOR    = {T. H. Gibson and A. T. T. McRae and C. J. Cotter and L. Mitchell and D. A. Ham},
  TITLE     = {{Compatible Finite Element Methods for Geophysical Flows}},
  PUBLISHER = {Springer Nature},
  ADDRESS   = {Switzerland},
  YEAR      = {2019},
}

@Article{GraeserKornhuber2009,
  AUTHOR    = {C. Gr{\"a}ser and R. Kornhuber},
  TITLE     = {Multigrid methods for obstacle problems},
  JOURNAL   = {J. Comput. Math.},
  PAGES     = {1--44},
  YEAR      = {2009},
}

@Book{GreveBlatter2009,
  AUTHOR    = {R. Greve and H. Blatter},
  TITLE     = {Dynamics of {I}ce {S}heets and {G}laciers},
  SERIES    = {Advances in Geophysical and Environmental Mechanics and
               Mathematics},
  PUBLISHER = {Springer},
  ADDRESS   = {Berlin, Germany},
  YEAR      = {2009},
}

@Article{Huybrechtsetal1996,
  title={The {EISMINT} benchmarks for testing ice-sheet models},
  author={P. Huybrechts and T. Payne and others},
  journal={Ann. Glaciol.},
  volume={23},
  pages={1--12},
  year={1996},
}

@Article{IsaacStadlerGhattas2015,
  title={Solution of nonlinear {S}tokes equations discretized by high-order finite elements on nonconforming and anisotropic meshes, with application to ice sheet dynamics},
  author={Isaac, T. and Stadler, G. and Ghattas, O.},
  journal={SIAM J. Sci. Comput.},
  volume={37},
  number={6},
  pages={B804--B833},
  year={2015},
}

@Article{Jouvetetal2008,
  title={A new algorithm to simulate the dynamics of a glacier: theory and applications},
  author={Jouvet, G. and Picasso, M. and Rappaz, J. and Blatter, H.},
  journal={J. Glaciol.},
  volume={54},
  number={188},
  pages={801--811},
  year={2008},
}

@Article{JouvetRappaz2011,
  title={Analysis and finite element approximation of a nonlinear stationary {S}tokes problem arising in glaciology},
  author={Jouvet, G. and Rappaz, J.},
  journal={Advances in Numerical Analysis},
  doi={10.1155/2011/164581},
  year={2011},
}

@Article{JouvetBueler2012,
  author	= {G. Jouvet and E. Bueler},
  title		= {Steady, shallow ice sheets as obstacle problems: well-posedness and finite element approximation},
  journal	= {SIAM J. Appl. Math.},
  volume	= {72},
  number	= {4},
  pages		= {1292--1314},
  year		= {2012},
}

@Article{Jouvetetal2013,
  author={G. Jouvet and E. Bueler and C. Gr{\"a}ser and R. Kornhuber},
  title={A nonsmooth {N}ewton multigrid method for a hybrid, shallow model of marine ice sheets},
  journal={Contemporary Mathematics},
  volume={586},
  pages={197--205},
  url = {http://dx.doi.org/10.1090/conm/586/11657},
  year={2013},
  publisher={American Mathematical Society},
}

@Article{JouvetGraeser2013,
  author={G. Jouvet and C. Gr{\"a}ser},
  title={An adaptive {N}ewton multigrid method for a model of marine ice sheets},
  journal={J. Comput. Physics},
  volume={252},
  pages={419--437},
  year={2013},
}

@Book{KinderlehrerStampacchia1980,
  AUTHOR    = {D. Kinderlehrer and G. Stampacchia},
  TITLE     = {An {I}ntroduction to {V}ariational {I}nequalities and
               their {A}pplications},
  PUBLISHER = {Academic Press},
  ADDRESS   = {New York},
  YEAR      = {1980},
}

@Article {Lengetal2012,
    AUTHOR = {Leng, W. and L. Ju and M. Gunzburger and S. Price and T. Ringler},
     TITLE = {A parallel high-order accurate finite element nonlinear {S}tokes
              ice sheet model and benchmark experiments},
   JOURNAL = {J. Geophys. Res.},
    VOLUME = {117},
      YEAR = {2012},
    NUMBER = {F01001},
       DOI = {10.1029/2011JF00196},
}

@Article{McRaeetal2016,
author = {McRae, A. T. T. and Bercea, G.-T. and Mitchell, L. and Ham, D. A. and Cotter, C. J.},
title = {Automated generation and symbolic manipulation of tensor product finite elements},
journal = {SIAM J. Sci. Computing},
volume = {38},
number = {5},
pages = {S25-S47},
year = {2016},
doi = {10.1137/15M1021167},
}

@Book{Ockendonetal2003,
  AUTHOR    = {J. Ockendon and S. Howison and A. Lacey and S. Movchan},
  TITLE     = {Applied {P}artial {D}ifferential {E}quations},
  PUBLISHER = {Oxford University Press},
  ADDRESS   = {Oxford, UK},
  EDITION   = {revised},
  YEAR      = {2003},
}

@Article{PralongFunk2005,
author = {Pralong, A. and Funk, M.},
title = {Dynamic damage model of crevasse opening and application to glacier calving},
journal = {J. Geophys. Res.: Solid Earth},
volume = {110},
number = {B1},
doi = {https://doi.org/10.1029/2004JB003104},
year = {2005},
}

@Article{Rathgeberetal2016,
  author =       {Florian Rathgeber and David A. Ham and Lawrence
                  Mitchell and Michael Lange and Fabio Luporini and
                  Andrew T. T. McRae and Gheorghe-Teodor Bercea and
                  Graham R. Markall and Paul H. J. Kelly},
  title =        {Firedrake: automating the finite element method by
                  composing abstractions},
  journal =      {ACM Trans. Math. Softw.},
  volume =       {43},
  number =       {3},
  year =         {2016},
  pages =        {24:1--24:27},
}

@Article {SchoofHewitt2013,
  AUTHOR    = {C. Schoof and I. J. Hewitt},
  TITLE     = {Ice-sheet dynamics},
  JOURNAL   = {Annu. Rev. Fluid Mech.},
  VOLUME    = {45},
  PAGES     = {217--239},
  YEAR      = {2013},
}

@article{Tai2003,
  author={Tai, X.-C.},
  title={Rate of convergence for some constraint decomposition methods for nonlinear variational inequalities},
  journal={Numer. Math.},
  volume={93},
  number={4},
  pages={755--786},
  year={2003},
}

@Book{Trottenbergetal2001,
  AUTHOR    = {U. Trottenberg and C. W. Oosterlee and A. Schuller},
  TITLE     = {Multigrid},
  PUBLISHER = {Elsevier},
  ADDRESS   = {Oxford, UK},
  YEAR      = {2001},
}

@Article{Tuminaroetal2016,
  title={A matrix dependent/algebraic multigrid approach for extruded meshes with applications to ice sheet modeling},
  author={Tuminaro, R. and Perego, M. and Tezaur, I. and Salinger, A. and Price, S.},
  journal={SIAM J. Sci. Computing},
  volume={38},
  number={5},
  pages={C504--C532},
  year={2016},
}

@Article{WirbelJarosch2020,
AUTHOR = {Wirbel, A. and Jarosch, A. H.},
TITLE = {Inequality-constrained free-surface evolution in a full {S}tokes ice flow model (\textit{evolve\_glacier v1.1})},
JOURNAL = {Geoscientific Model Development},
VOLUME = {13},
YEAR = {2020},
NUMBER = {12},
PAGES = {6425--6445},
DOI = {10.5194/gmd-13-6425-2020}
}
